@incollection{chapters/01,author={John Doe},title={Title of Chapter in 01.tex},booktitle={Change your title in localmetadata.tex},editor={Change author in localmetadata.tex},publisher={Language Science Press},Address={Berlin},year=2014,pages={1--4},options={skipbib=true}}
@incollection{chapters/02,author={Change author in chapters/02.tex},title={Change title in chapters/02.tex},booktitle={Change your title in localmetadata.tex},editor={Change author in localmetadata.tex},publisher={Language Science Press},Address={Berlin},year=2014,pages={5--6},options={skipbib=true}}
@incollection{chapters/03,author={Change author in chapters/03.tex},title={Change title in chapters/03.tex},booktitle={Change your title in localmetadata.tex},editor={Change author in localmetadata.tex},publisher={Language Science Press},Address={Berlin},year=2014,pages={7--10},options={skipbib=true}}
